@misc{saqpfull,
	author 		= {{Full version}},
	howpublished = "\url{http://goo.gl/SPNP1R}",
}

@misc{amplab,
	author 		= {{AMPLab}},
	howpublished = "\url{http://amplab.cs.berkeley.edu/}",
}

@inproceedings{DBLP:conf/sigmod/HellersteinHW97,
  author    = {Joseph M. Hellerstein and
               Peter J. Haas and
               Helen J. Wang},
  title     = {Online Aggregation},
  booktitle = {SIGMOD Conference},
  year      = {1997},
  pages     = {171-182},
  ee        = {http://doi.acm.org/10.1145/253260.253291},
  crossref  = {DBLP:conf/sigmod/97, DBLP:conf/sigmod/97},
  bibsource = {DBLP, http://dblp.uni-trier.de}
}



@article{DBLP:journals/pvldb/PansareBJC11,
  author    = {Niketan Pansare and
               Vinayak R. Borkar and
               Chris Jermaine and
               Tyson Condie},
  title     = {Online Aggregation for Large MapReduce Jobs},
  journal   = {PVLDB},
  volume    = {4},
  number    = {11},
  year      = {2011},
  pages     = {1135-1145},
  ee        = {http://www.vldb.org/pvldb/vol4/p1135-pansare.pdf},
  bibsource = {DBLP, http://dblp.uni-trier.de}
}


@inproceedings{DBLP:conf/sigmod/CondieCAHGTES10,
  author    = {Tyson Condie and
               Neil Conway and
               Peter Alvaro and
               Joseph M. Hellerstein and
               John Gerth and
               Justin Talbot and
               Khaled Elmeleegy and
               Russell Sears},
  title     = {Online aggregation and continuous query support in MapReduce},
  booktitle = {SIGMOD Conference},
  year      = {2010},
  pages     = {1115-1118},
  ee        = {http://doi.acm.org/10.1145/1807167.1807295},
  crossref  = {DBLP:conf/sigmod/2010},
  bibsource = {DBLP, http://dblp.uni-trier.de}
}


@article{DBLP:journals/pvldb/WuJOT09,
  author    = {Sai Wu and
               Shouxu Jiang and
               Beng Chin Ooi and
               Kian-Lee Tan},
  title     = {Distributed Online Aggregation},
  journal   = {PVLDB},
  volume    = {2},
  number    = {1},
  year      = {2009},
  pages     = {443-454},
  ee        = {http://www.vldb.org/pvldb/2/vldb09-127.pdf},
  bibsource = {DBLP, http://dblp.uni-trier.de}
}

@inproceedings{DBLP:conf/eurosys/AgarwalMPMMS13,
  author    = {Sameer Agarwal and
               Barzan Mozafari and
               Aurojit Panda and
               Henry Milner and
               Samuel Madden and
               Ion Stoica},
  title     = {{BlinkDB:} queries with bounded errors and bounded response
               times on very large data},
  booktitle = {EuroSys},
  year      = {2013},
  pages     = {29-42},
  ee        = {http://doi.acm.org/10.1145/2465351.2465355},
  crossref  = {DBLP:conf/eurosys/2013},
  bibsource = {DBLP, http://dblp.uni-trier.de}
}

@inproceedings{DBLP:conf/sigmod/AcharyaGPR99,
  author    = {Swarup Acharya and
               Phillip B. Gibbons and
               Viswanath Poosala and
               Sridhar Ramaswamy},
  title     = {The Aqua Approximate Query Answering System},
  booktitle = {SIGMOD Conference},
  year      = {1999},
  pages     = {574-576},
  ee        = {http://doi.acm.org/10.1145/304182.304581},
  crossref  = {DBLP:conf/sigmod/99, DBLP:conf/sigmod/99},
  bibsource = {DBLP, http://dblp.uni-trier.de}
}


@article{DBLP:journals/tods/ChaudhuriDN07,
  author    = {Surajit Chaudhuri and
               Gautam Das and
               Vivek R. Narasayya},
  title     = {Optimized stratified sampling for approximate query processing},
  journal   = {ACM Trans. Database Syst.},
  volume    = {32},
  number    = {2},
  year      = {2007},
  pages     = {9},
  ee        = {http://doi.acm.org/10.1145/1242524.1242526},
  bibsource = {DBLP, http://dblp.uni-trier.de}
}

@inproceedings{DBLP:conf/sigmod/BabcockCD03,
  author    = {Brian Babcock and
               Surajit Chaudhuri and
               Gautam Das},
  title     = {Dynamic Sample Selection for Approximate Query Processing},
  booktitle = {SIGMOD Conference},
  year      = {2003},
  pages     = {539-550},
  ee        = {http://doi.acm.org/10.1145/872757.872822},
  crossref  = {DBLP:conf/sigmod/2003},
  bibsource = {DBLP, http://dblp.uni-trier.de}
}

@inproceedings{DBLP:conf/sigmod/AcharyaGP00,
  author    = {Swarup Acharya and
               Phillip B. Gibbons and
               Viswanath Poosala},
  title     = {Congressional Samples for Approximate Answering of Group-By
               Queries},
  booktitle = {SIGMOD Conference},
  year      = {2000},
  pages     = {487-498},
  ee        = {http://doi.acm.org/10.1145/342009.335450},
  crossref  = {DBLP:conf/sigmod/2000, DBLP:conf/sigmod/2000},
  bibsource = {DBLP, http://dblp.uni-trier.de}
}

@book{lohr2010sampling,
  title={Sampling: design and analysis},
  author={Lohr, Sharon L},
  year={2010},
  publisher={Cengage Learning}
}


@book{dasu2003exploratory,
  title={Exploratory data mining and data cleaning},
  author={Dasu, Tamraparni and Johnson, Theodore},
  year={2003},
  publisher={Wiley}
}

@article{hellerstein2008quantitative,
  title={Quantitative data cleaning for large databases},
  author={Hellerstein, Joseph M},
  journal={United Nations Economic Commission for Europe (UNECE)},
  year={2008}
}

@article{fan2012foundations,
  title={Foundations of Data Quality Management},
  author={Fan, Wenfei and Geerts, Floris},
  journal={Synthesis Lectures on Data Management},
  year={2012},
  publisher={Morgan \& Claypool Publishers}
}

@inproceedings{DBLP:conf/sigmod/DallachiesaEEEIOT13,
  author    = {Michele Dallachiesa and
               Amr Ebaid and
               Ahmed Eldawy and
               Ahmed K. Elmagarmid and
               Ihab F. Ilyas and
               Mourad Ouzzani and
               Nan Tang},
  title     = {NADEEF: a commodity data cleaning system},
  booktitle = {SIGMOD Conference},
  year      = {2013},
  pages     = {541-552},
  ee        = {http://doi.acm.org/10.1145/2463676.2465327},
  crossref  = {DBLP:conf/sigmod/2013},
  bibsource = {DBLP, http://dblp.uni-trier.de}
}


@inproceedings{DBLP:conf/sigmod/WangLF12,
  author    = {Jiannan Wang and
               Guoliang Li and
               Jianhua Feng},
  title     = {Can we beat the prefix filtering?: an adaptive framework
               for similarity join and search},
  booktitle = {SIGMOD Conference},
  year      = {2012},
  pages     = {85-96},
  ee        = {http://doi.acm.org/10.1145/2213836.2213847},
  crossref  = {DBLP:conf/sigmod/2012},
  bibsource = {DBLP, http://dblp.uni-trier.de}
}

@inproceedings{DBLP:conf/kdd/BilenkoM03,
  author    = {Mikhail Bilenko and
               Raymond J. Mooney},
  title     = {Adaptive duplicate detection using learnable string similarity
               measures},
  booktitle = {KDD},
  year      = {2003},
  pages     = {39-48},
  ee        = {http://doi.acm.org/10.1145/956750.956759},
  crossref  = {DBLP:conf/kdd/2003},
  bibsource = {DBLP, http://dblp.uni-trier.de}
}

@inproceedings{DBLP:conf/sigmod/JefferyFH08,
  author    = {Shawn R. Jeffery and
               Michael J. Franklin and
               Alon Y. Halevy},
  title     = {Pay-as-you-go user feedback for dataspace systems},
  booktitle = {SIGMOD Conference},
  year      = {2008},
  pages     = {847-860},
  ee        = {http://doi.acm.org/10.1145/1376616.1376701},
  crossref  = {DBLP:conf/sigmod/2008},
  bibsource = {DBLP, http://dblp.uni-trier.de}
}

@article{DBLP:journals/pvldb/YakoutENOI11,
  author    = {Mohamed Yakout and
               Ahmed K. Elmagarmid and
               Jennifer Neville and
               Mourad Ouzzani and
               Ihab F. Ilyas},
  title     = {Guided data repair},
  journal   = {PVLDB},
  volume    = {4},
  number    = {5},
  year      = {2011},
  pages     = {279-289},
  ee        = {http://portal.acm.org/citation.cfm?id=1952378{\&}CFID=12591584{\&}CFTOKEN=15173685},
  bibsource = {DBLP, http://dblp.uni-trier.de}
}

@article{DBLP:journals/pvldb/FanLMTY10,
  author    = {Wenfei Fan and
               Jianzhong Li and
               Shuai Ma and
               Nan Tang and
               Wenyuan Yu},
  title     = {Towards Certain Fixes with Editing Rules and Master Data},
  journal   = {PVLDB},
  volume    = {3},
  number    = {1},
  year      = {2010},
  pages     = {173-184},
  ee        = {http://www.comp.nus.edu.sg/$\sim$vldb2010/proceedings/files/papers/R15.pdf},
  bibsource = {DBLP, http://dblp.uni-trier.de}
}




@article{DBLP:journals/pvldb/KopckeTR10,
  author    = {Hanna K{\"o}pcke and
               Andreas Thor and
               Erhard Rahm},
  title     = {Evaluation of entity resolution approaches on real-world
               match problems},
  journal   = {PVLDB},
  volume    = {3},
  number    = {1},
  year      = {2010},
  pages     = {484-493},
  ee        = {http://www.comp.nus.edu.sg/$\sim$vldb2010/proceedings/files/papers/E04.pdf},
  bibsource = {DBLP, http://dblp.uni-trier.de}
}

@inproceedings{DBLP:conf/vldb/GarofalakisG01,
  author    = {Minos N. Garofalakis and
               Phillip B. Gibbons},
  title     = {Approximate Query Processing: Taming the TeraBytes},
  booktitle = {VLDB},
  year      = {2001},
  ee        = {http://www.vldb.org/conf/2001/tut4.pdf},
  crossref  = {DBLP:conf/vldb/2001},
  bibsource = {DBLP, http://dblp.uni-trier.de}
}


@article{DBLP:journals/tods/ChaudhuriDN07,
  author    = {Surajit Chaudhuri and
               Gautam Das and
               Vivek R. Narasayya},
  title     = {Optimized stratified sampling for approximate query processing},
  journal   = {ACM Trans. Database Syst.},
  volume    = {32},
  number    = {2},
  year      = {2007},
  pages     = {9},
  ee        = {http://doi.acm.org/10.1145/1242524.1242526},
  bibsource = {DBLP, http://dblp.uni-trier.de}
}


@inproceedings{DBLP:conf/cidr/SidirourgosKB11,
  author    = {Lefteris Sidirourgos and
               Martin L. Kersten and
               Peter A. Boncz},
  title     = {SciBORQ: Scientific data management with Bounds On Runtime
               and Quality},
  booktitle = {CIDR},
  year      = {2011},
  pages     = {296-301},
  ee        = {http://www.cidrdb.org/cidr2011/Papers/CIDR11_Paper39.pdf},
  crossref  = {DBLP:conf/cidr/2011},
  bibsource = {DBLP, http://dblp.uni-trier.de}
}


@inproceedings{DBLP:conf/icde/JinGJA06,
  author    = {Ruoming Jin and
               Leonid Glimcher and
               Chris Jermaine and
               Gagan Agrawal},
  title     = {New Sampling-Based Estimators for OLAP Queries},
  booktitle = {ICDE},
  year      = {2006},
  pages     = {18},
  ee        = {http://doi.ieeecomputersociety.org/10.1109/ICDE.2006.106},
  crossref  = {DBLP:conf/icde/2006},
  bibsource = {DBLP, http://dblp.uni-trier.de}
}

@article{DBLP:journals/ftdb/CormodeGHJ12,
  author    = {Graham Cormode and
               Minos N. Garofalakis and
               Peter J. Haas and
               Chris Jermaine},
  title     = {Synopses for Massive Data: Samples, Histograms, Wavelets,
               Sketches},
  journal   = {Foundations and Trends in Databases},
  volume    = {4},
  number    = {1-3},
  year      = {2012},
  pages     = {1-294},
  ee        = {http://dx.doi.org/10.1561/1900000004},
  bibsource = {DBLP, http://dblp.uni-trier.de}
}


@article{DBLP:journals/pvldb/DongS13,
  author    = {Xin Luna Dong and
               Divesh Srivastava},
  title     = {Big Data Integration},
  journal   = {PVLDB},
  volume    = {6},
  number    = {11},
  year      = {2013},
  pages     = {1188-1189},
  ee        = {http://www.vldb.org/pvldb/vol6/p1188-srivastava.pdf},
  bibsource = {DBLP, http://dblp.uni-trier.de}
}


@article{DBLP:journals/pvldb/MelnikGLRSTV10,
  author    = {Sergey Melnik and
               Andrey Gubarev and
               Jing Jing Long and
               Geoffrey Romer and
               Shiva Shivakumar and
               Matt Tolton and
               Theo Vassilakis},
  title     = {Dremel: Interactive Analysis of Web-Scale Datasets},
  journal   = {PVLDB},
  volume    = {3},
  number    = {1},
  year      = {2010},
  pages     = {330-339},
  ee        = {http://www.comp.nus.edu.sg/$\sim$vldb2010/proceedings/files/papers/R29.pdf},
  bibsource = {DBLP, http://dblp.uni-trier.de}
}


@inproceedings{DBLP:conf/sigmod/XinRZFSS13,
  author    = {Reynold S. Xin and
               Josh Rosen and
               Matei Zaharia and
               Michael J. Franklin and
               Scott Shenker and
               Ion Stoica},
  title     = {Shark: SQL and rich analytics at scale},
  booktitle = {SIGMOD Conference},
  year      = {2013},
  pages     = {13-24},
  ee        = {http://doi.acm.org/10.1145/2463676.2465288},
  crossref  = {DBLP:conf/sigmod/2013},
  bibsource = {DBLP, http://dblp.uni-trier.de}
}

@article{Gartner,
    author      = {Swartz, N.},
    url         = "http://www.gartner.com/newsroom/id/501733",
    title       = {Gartner Warns Firms of 'Dirty Data'},
    journal     = {Information Management Journal},
    volume      = {41},
    number      = {3},
    year        = {2007},
}


@inproceedings{DBLP:conf/pervasive/JefferyAFHW06,
  author    = {Shawn R. Jeffery and
               Gustavo Alonso and
               Michael J. Franklin and
               Wei Hong and
               Jennifer Widom},
  title     = {Declarative Support for Sensor Data Cleaning},
  booktitle = {Pervasive},
  year      = {2006},
  pages     = {83-100},
  ee        = {http://dx.doi.org/10.1007/11748625_6},
  crossref  = {DBLP:conf/pervasive/2006},
  bibsource = {DBLP, http://dblp.uni-trier.de}
}

@inproceedings{wang1999sample,
  author    = {Jiannan Wang and
               Sanjay Krishnan and
               Michael J. Franklin and
               Ken Goldberg and
               Tim Kraska and
               Tova Milo},
  title     = {A sample-and-clean framework for fast and accurate query
               processing on dirty data},
  booktitle = {SIGMOD Conference},
  year      = {2014},
  pages     = {469-480},
  ee        = {http://doi.acm.org/10.1145/2588555.2610505},
  crossref  = {DBLP:conf/sigmod/2014},
  bibsource = {DBLP, http://dblp.uni-trier.de}
}

@inproceedings{DBLP:conf/sigmod/GokhaleDDNRSZ14,
  author    = {Chaitanya Gokhale and
               Sanjib Das and
               AnHai Doan and
               Jeffrey F. Naughton and
               Narasimhan Rampalli and
               Jude W. Shavlik and
               Xiaojin Zhu},
  title     = {Corleone: hands-off crowdsourcing for entity matching},
  booktitle = {International Conference on Management of Data, {SIGMOD} 2014, Snowbird,
               UT, USA, June 22-27, 2014},
  pages     = {601--612},
  year      = {2014},
  crossref  = {DBLP:conf/sigmod/2014},
  url       = {http://doi.acm.org/10.1145/2588555.2588576},
  doi       = {10.1145/2588555.2588576},
  timestamp = {Sun, 22 Jun 2014 11:31:11 +0200},
  biburl    = {http://dblp.uni-trier.de/rec/bib/conf/sigmod/GokhaleDDNRSZ14},
  bibsource = {dblp computer science bibliography, http://dblp.org}
}

@inproceedings{DBLP:conf/uist/GuoKHH11,
  author    = {Philip J. Guo and
               Sean Kandel and
               Joseph M. Hellerstein and
               Jeffrey Heer},
  title     = {Proactive wrangling: mixed-initiative end-user programming of data
               transformation scripts},
  booktitle = {Proceedings of the 24th Annual {ACM} Symposium on User Interface Software
               and Technology, Santa Barbara, CA, USA, October 16-19, 2011},
  pages     = {65--74},
  year      = {2011},
  crossref  = {DBLP:conf/uist/2011},
  url       = {http://doi.acm.org/10.1145/2047196.2047205},
  doi       = {10.1145/2047196.2047205},
  timestamp = {Thu, 20 Oct 2011 20:41:03 +0200},
  biburl    = {http://dblp.uni-trier.de/rec/bib/conf/uist/GuoKHH11},
  bibsource = {dblp computer science bibliography, http://dblp.org}
}

@inproceedings{volkovs2014continuous,
  title={Continuous data cleaning},
  author={Volkovs, Maksims and Chiang, Fei and Szlichta, Jaroslaw and Miller, Ren{\'e}e J},
  booktitle={Data Engineering (ICDE), 2014 IEEE 30th International Conference on},
  pages={244--255},
  year={2014},
  organization={IEEE}
}

@article{altowim2014progressive,
  title={Progressive Approach to Relational Entity Resolution},
  author={Altowim, Yasser and Kalashnikov, Dmitri V and Mehrotra, Sharad},
  journal={Proceedings of the VLDB Endowment},
  volume={7},
  number={11},
  year={2014}
}

@inproceedings{DBLP:conf/vldb/GalhardasFSSS01,
  author    = {Helena Galhardas and
               Daniela Florescu and
               Dennis Shasha and
               Eric Simon and
               Cristian{-}Augustin Saita},
  title     = {Declarative Data Cleaning: Language, Model, and Algorithms},
  booktitle = {{VLDB} 2001, Proceedings of 27th International Conference on Very
               Large Data Bases, September 11-14, 2001, Roma, Italy},
  pages     = {371--380},
  year      = {2001},
  crossref  = {DBLP:conf/vldb/2001},
  url       = {http://www.vldb.org/conf/2001/P371.pdf},
  timestamp = {Mon, 17 Sep 2012 22:00:05 +0200},
  biburl    = {http://dblp.uni-trier.de/rec/bib/conf/vldb/GalhardasFSSS01},
  bibsource = {dblp computer science bibliography, http://dblp.org}
}

@article{DBLP:journals/pvldb/MozafariSFJM14,
  author    = {Barzan Mozafari and
               Purnamrita Sarkar and
               Michael J. Franklin and
               Michael I. Jordan and
               Samuel Madden},
  title     = {Scaling Up Crowd-Sourcing to Very Large Datasets: {A} Case for Active
               Learning},
  journal   = {{PVLDB}},
  volume    = {8},
  number    = {2},
  pages     = {125--136},
  year      = {2014},
  url       = {http://www.vldb.org/pvldb/vol8/p125-Mozafari.pdf},
  timestamp = {Sun, 12 Oct 2014 11:44:29 +0200},
  biburl    = {http://dblp.uni-trier.de/rec/bib/journals/pvldb/MozafariSFJM14},
  bibsource = {dblp computer science bibliography, http://dblp.org}
}

@article{DBLP:journals/pvldb/YakoutENOI11,
  author    = {Mohamed Yakout and
               Ahmed K. Elmagarmid and
               Jennifer Neville and
               Mourad Ouzzani and
               Ihab F. Ilyas},
  title     = {Guided data repair},
  journal   = {{PVLDB}},
  volume    = {4},
  number    = {5},
  pages     = {279--289},
  year      = {2011},
  url       = {http://portal.acm.org/citation.cfm?id=1952378&CFID=12591584&CFTOKEN=15173685},
  timestamp = {Wed, 23 Mar 2011 12:08:07 +0100},
  biburl    = {http://dblp.uni-trier.de/rec/bib/journals/pvldb/YakoutENOI11},
  bibsource = {dblp computer science bibliography, http://dblp.org}
}